4600 6200
1342 324 1399 434 8
1918 342 1927 351 ’
2070 320 2312 437 DE
2433 322 3279 445 MONETIS

1194 573 1318 634 tus
1378 546 1533 636 una
1594 579 1776 637 cum
1845 555 2306 666 Margareta
2368 575 2622 638 matre
2683 548 3002 666 imperii
3066 555 3410 642 habenas
3470 552 3857 673 suscepit:
3914 557 4140 679 quod,

1187 693 1370 753 cum
1435 666 1743 782 aliquot
1805 669 2069 784 Regni
2130 668 2528 785 Principes
2586 668 2882 756 Carolo
2941 669 3208 757 infensi
3270 668 3471 788 aegre
3531 671 3830 766 ferrent
3886 740 3917 788 ,
3973 683 4130 770 c'ol·

1208 782 1432 873 leslis
1490 813 1832 900 quatuor
1892 781 2249 871 millibus
2331 788 2413 871 ’δε
2456 785 2852 873 ‚sexcentis
2927 789 3323 903 equitibus
3386 792 3813 907 Neapolim
3898 827 4133 887 occu·

1187 928 1476 1017 parunt
1496 936 1537 1013 ,⁶
1582 900 2180 1018 constitutisque
2236 901 2372 989 ‘sex
2439 904 2697 1017 probis
2759 903 2971 990 Viris
3032 907 3128 991 ad
3195 907 3435 995 Urbis
3497 909 3910 1025 regimen,
3969 922 4129 1003 Lu·

1185 1017 1558 1108 d-ov'icum
1604 1017 2252 1135 An'degaven'sem
2291 1081 2319 1127 ,
2366 1018 2509 1136 ‘qui
2574 1019 2826 1107 fuerat
2886 1053 2936 1109 a
2979 1023 3305 1135 „Joanna
3368 1027 3604 1139 haeres
3678 1030 3935 1144 Regni
3995 1034 4130 1118 de·

1189 1138 1577 1246 olaratus,
1635 1142 1732 1225 ad
1795 1140 2291 1254 capiendum·
2332 1139 2865 1254 Principatum
2917 1139 3012 1227 in
3069 1140 3401 1228 -Italiam
3464 1173 3946 1233 evocarunt-0
4013 1157 4126 1237 At

1187 1257 1553 1373 Regina,
1610 1288 1780 1373 quae
1842 1255 1977 1343 sub
2038 1256 2364 1346 initium
2430 1257 2820 1345 tumultus
2880 1256 2960 1344 in
3027 1252 3388 1346 Castrum
3451 1256 3617 1344 Ovi
3694 1293 3874 1349 cum
3942 1252 4127 1352 filiis

1191 1375 1264 1463 se
1328 1401 1771 1492 receperat,
1830 1373 2108 1461 deinde
2174 1371 2538 1484 Caietam
2604 1368 3123 1492 confugerat,
3166 1406 3426 1492 quum
3493 1374 3802 1466 nul-lum
3865 1381 4125 1471 alium

1189 1522 1469 1614 praeter
1529 1492 1991 1582 Pontificem
2054 1490 2358 1602 injuriae
2400 1491 2796 1581 vindicem
2860 1493 3242 1609 speraret,
3273 1497 3372 1582 ad
3412 1495 3903 1584 Bonifacium
3951 1505 4131 1608 1x.‚

1192 1611 1524 1729 qui·post
1549 1606 2054 1701 Urbani-VI.
2093 1608 2480 1703 excelsum
2512 1609 2673 1698 suit
2734 1613 2881 1696 I'V.
2912 1619 3183 1699 Nonas
3226 1615 3707 1732 Novembris
3769 1622 4130 1725 Mccc-

1191 1737 1636 1818 LXXXIX.
1694 1727 2059 1818 Pontifex
2105 1727 2680 1836 renuntiatus,
2725 1727 3093 1816 Nuncios
3147 1730 3363 1817 milit
3443 1729 3894 1846 suppliciter
3953 1726 4123 1839 ejus

1192 1846 1548 1964 suffragia
1615 1845 2151 1963 postulantes3
2208 1873 2466 1965 neque
2529 1843 2766 1935 irritae
2827 1877 3095 1965 preces
3143 1842 3432 1936 'fueret
3496 1844 3802 1935 etenim
3863 1846 4141 1938 Ponti?

1189 1964 1322 2052 fex
1383 1966 1956 2081 Neapolitanos
2051 1968 2156 2052 ad
2216 1968 2468 2055 reaos
2549 1964 2854 2078 justitiae
2921 1969 3275 2056 tramites
3338 1966 3699 2055 reducere
3759 1952 4146 2084 cupiens,¹⁴

1192 2082 1545 2169 officiofis
1608 2081 2553 2187 Literis‘admonuitmt
2611 2082 3231 2199 quibuscumque
3291 2085 3723 2201 antiquatis
3782 2086 4130 2172 simulta-

1194 2200 1405 2288 tibus
1465 2197 1831 2314 legitimo
1889 2195 2285 2285 succeffori
2366 2196 2825 2313 obsequium
2892 2202 3397 2314 praestarent3
3461 2202 3836 2316 missoque
3900 2202 4126 2309 Caie-

1192 2344 1364 2409 tam
1426 2314 1744 2432 Angelo
1803 2316 1900 2404 de
1960 2312 2394 2427 Acciajolis
2429 2314 3380 2421 cardinale-,Ladislaum
3443 2324 3674 2405 V111.
3726 2319 3910 2404 Kal.
3947 2326 4124 2405 Ma·

1187 2435 1303 2551 jas
1366 2440 1862 2529 MCCCXG
1920 2433 2005 2525 in
2093 2441 2403 2555 Regem
2467 2433 2748 2524 Siciliae
2802 2496 2832 2541 ,
2890 2435 3313 2552 Jerusalem
3350 2497 3380 2542 ,
3430 2440 3516 2522 Bc
3600 2435 3903 2551 Apulia
3956 2434 4122 2555 'ipse

1190 2553 1655 2645 coronavitt
1715 2559 1903 2641 Hoc
1963 2554 2242 2641 eodem
2308 2582 2522 2643 anno
2582 2559 2797 2642 xlx.
2851 2555 3044 2642 Kal.
3108 2553 3591 2672 Septembris
3663 2555 4124 2642 'Ludovicus

1192 2702 1375 2761 cum
1441 2671 1702 2754 valida
1761 2667 1982 2754 claffe
2036 2671 2475 2782 Neapolim
2539 2671 2979 2785 appulsus,
3037 2675 3115 2755 8:
3175 2702 3221 2756 a
3295 2670 3629 2759 Civibus
3691 2667 4127 2756 honorifice

1191 2811 1620 2899 exceptus,
1681 2784 2122 2870 Fidelitat'is
2182 2783 2758 2870 sacramentum
2817 2789 2919 2868 ab
2981 2786 3093 2870 eis
3153 2787 3481 2898 exegit,
3528 2789 3606 2866 &
3666 2787 3929 2896 Regni
3985 2792 4131 2871 'cu-

1196 2931 1370 2990 ram
1430 2899 1753 3016 'suscepit
1798 2956 1821 2980 .
1883 2904 2072 3012 Qua
2134 2900 2230 2984 de
2290 2928 2375 2984 re
2436 2926 2888 3001 commotus
2980 2899 3345 2988 Pontifex
3387 2960 3415 3008 ,
3469 2897 3710 2986 armis
3770 2896 3869 3103 αἱ]
3931 2898 4130 2988 ulci-

3795 3047 4007 3104 *cen-

1293 3285 1690 3385 [ειμι-μω,
1736 3304 1821 3361 ut
1868 3283 2017 3386 'ipse
2069 3283 2436 3376 edixerat,
2488 3283 2571 3359 ad
2626 3280 2932 3359 Mariam
2989 3281 3222 3359 filiam'
3262 3284 3501 3360 decem
3553 3285 3838 3360 tantum
3896 3305 4150 3361 annos·

1294 3406 1534 3461 natam
1591 3387 1948 3478 delatum,
1999 3410 2147 3487 quae
2199 3387 2290 3461 ob
2344 3407 2654 3461 teneram
2712 3405 2988 3461 aetatem
3045 3404 3246 3462 tanto
3300 3385 3606 3485 imperio*
3652 3386 3931 3485 impar,
3976 3391 4117 3461 una

1298 3514 1460 3563 cum
1491 3489 1912 3564 Elizabetha
1944 3510 2160 3564 matre
2215 3514 2441 3563 rerum
2498 3514 2732 3562 curam
2789 3487 3228 3586 suscepit3at
3281 3488 3632 3585 perbrevis
3684 3486 4116 3562 earumsuit

1290 3586 1768 3687 principatus:
1825 3591 2091 3665 etenim
2148 3588 2416 3686 aliquot
2469 3592 2702 3687 Regni
2741 3591 3064 3662 Proceres
3126 3587 3483 3664 foeminile
3538 3587 3908 3684 imperium
3967 3611 4120 3687 pet-

1296 3691 1420 3764 teli
1467 3695 1814 3766 Carolum
1876 3695 2008 3763 m.
2066 3688 2403 3784 Nea-polis
2460 3692 2722 3786 Regem
2780 3687 3135 3761 Ludovici
3190 3686 3420 3762 funffli
3476 3709 3803 3786 nepotem
3859 3687 3942 3762 ad
4002 3714 4116 3763 ac·

1299 3791 1710 3886 cipiendum
1764 3794 2088 3885 Regnum
2146 3805 2529 3863 evocarunt
2573 3841 2595 3878 ,
2639 3790 2710 3861 δι
2765 3786 2905 3881 ipse
2950 3813 3171 3884 'parvo
3244 3814 3404 3862 cum
3459 3788 3808 3862 comitatu
3885 3789 4117 3863 citato

1292 3883 1550 3963 itinere
1604 3893 1689 3962 eo
1741 3886 2139 3986 properavit
2178 3938 2204 3957 .
2270 3887 2388 3961 Ad
2439 3887 2634 3962 triste
2689 3885 2896 3986 hujus
2951 3885 3361 3985 irruptionis
3434 3886 3766 3962 nuncium
3827 3889 4118 3986 Regina

1294 4014 1719 4087 quamquam
1774 3984 2090 4085 supremo
2142 3987 2382 4063 dolore
2436 3987 2754 4087 perculsae
2786 3990 3075 4061 'animis
3128 4016 3266 4070 non
3317 3987 3815 4078 cecidere,sed
3841 3987 3924 4061 ad
3952 4013 4119 4085 prae-

1298 4090 1448 4164 sens
1503 4109 1774 4187 tempus
1825 4085 2251 4161 dissimulata
2307 4088 2456 4180 ira,
2501 4091 2836 4162 Cat-olum
2889 4088 3105 4163 hilari
3155 4093 3357 4164 vult-u
3413 4091 3791 4187 excepere,
3835 4090 3912 4161 δι
3969 4088 4119 4185 ejus

1299 4189 1745 4263 coronationi
1823 4188 2076 4263 affuere
2119 4239 2140 4262 .
2216 4190 2524 4287 Imperio
2574 4188 2667 4264 fic
2721 4209 2994 4287 arrepto
3050 4190 3328 4264 invasor
3370 4245 3393 4282 ,
3467 4189 3781 4262 secundis
3834 4187 4123 4263 inflatus

1135 4385 1144 4393 .
1264 4291 1505 4364 ”rebus
1558 4290 1864 4389 Reginae:
1917 4289 2404 4365 exauctoravit
2446 4346 2469 4383 ,
2517 4291 2711 4389 regia
2767 4290 3089 4388 expulit,
3139 4294 3212 4364 &
3267 4290 3340 4363 in
3395 4295 3662 4364 Arcem
3727 4288 4121 4389 relegavit.

1302 4396 1463 4466 Hac
1518 4390 1945 4490 indignitate
1992 4388 2255 4465 irritati
2311 4392 2433 4489 qni
2485 4416 2612 4490 pto
2668 4392 2958 4490 Reginis
3012 4390 3325 4483 stabant,
3369 4390 3549 4464 haud
3594 4392 3898 4488 ampliiis
3951 4413 4127 4466 cun-

1307 4491 1685 4579 ezendum,
1734 4493 1806 4565 8<
1863 4489 2220 4563 serendum
2274 4491 2462 4582 rati,
2503 4517 2662 4564 cum
2702 4491 3115 4589 qmbusdam
3177 4493 3587 4567 Proceribus
3639 4490 3936 4566 confilio
3975 4489 4121 4565 ini-

1308 4610 1432 4684 to,
1475 4591 1560 4665 de
1610 4618 1694 4665 eo
1748 4589 2216 4670 interimendo
2260 4596 2658 4666 convenere
2700 4646 2723 4683 ,
2755 4595 2832 4665 «St
2891 4596 3085 4666 brevi
3138 4592 3204 4667 se
3258 4592 3546 4690 prebuit
3603 4591 3920 4666 occasio:
3975 4609 4127 4665 ete·

1307 4693 1462 4767 nim
1512 4693 1811 4766 Carolus
1864 4691 1983 4764 sub
2039 4692 2330 4766 initium
2391 4691 2744 4766 Februarii
2805 4696 3510 4770 MCCCLXXXVI.
3562 4717 3777 4791 quum
3852 4691 3937 4765 ad
3981 4685 4150 4765 Ar-'

1308 4819 1460 4868 cem
1521 4793 1826 4891 Reginas
1876 4795 2407 4891 colloquuturus
2462 4793 2524 4868 se
2567 4794 3014 4886 contulisset,
3056 4823 3092 4871 a
3140 4794 3445 4876 satellite
3492 4795 3582 4867 ad
3635 4791 3706 4865 id
3762 4809 4002 4890 parato
4036 4791 4150 4864 in-

1307 4890 1536 4990 capite
1589 4891 1951 4966 lethaliter
2002 4897 2408 4972 vulneratus
2459 4895 2575 4973 die
2649 4898 2920 4972 XXIV.
2971 4895 3278 4997 ejusdem
3350 4893 3601 4978 mensis
3651 4893 3878 4972 vitam
3951 4913 4113 4966 cum

1276 4995 1569 5099 ¹sceptro
1619 4992 2051 5100 deposuit·-
2150 5030 2159 5038 ·
2559 5029 2572 5044 ’
2743 5033 2798 5050 ··
3207 5015 3222 5028 ³
3417 5040 3424 5048 ·
3524 5021 3538 5032 ⁴
3621 4999 3628 5004 ’
3704 5028 3712 5035 ·
4140 5006 4149 5017 “
