4600 6200
1408 483 1543 597 88
1978 516 1981 521 ·
2137 481 2387 603 DE
2522 483 3378 607 MONETIS·

1261 720 1721 805 Denotatur
1774 708 2094 832 quoque
2149 741 2409 803 annus
2460 772 2491 817 ‚
2540 738 2708 830 quo
2763 741 2890 805 ex·
2944 714 3394 807 monetaria
3451 716 3801 814 officina
3859 723 4153 845 prodiit
4191 755 4236 845 ς

1256 833 1400 951 qui
1461 831 1616 924 suit
1686 860 1723 919 1
1803 860 1941 947 57.
2000 828 2215 922 stetit
2279 830 2760 952 Respublica
2837 833 2941 920 ad
2996 863 3298 922 annum
3374 843 3800 955 MDL1X;
3853 875 4021 962 quo
4048 848 4232 939 Phi.

1258 953 1522 1069 lippus
1603 860 2175 1066 Hiffianiarum
2238 954 2423 1038 Rex
2464 1008 2493 1055 ‚
2539 949 2688 1067 qui
2748 948 3046 1040 Carolo
3102 950 3311 1069 patri
3386 952 3830 1047 succefferat
3868 1020 3898 1069 ‚
3954 968 4038 1050 8<
4097 970 4233 1057 Se·

1257 1099 1450 1158 nam
1515 1065 1813 1156 Cosmo
1872 1066 2293 1155 Florentiae
2361 1066 2568 1156 Duci
2627 1069 2713 1157 in
2778 1069 3146 1157 Feudum
3203 1072 3724 1182 concefl'erat,
3784 1106 3972 1193 pace
4031 1110 4230 1173 cum

1259 1186 1621 1277 Henrico
1682 1192 2166 1273 Francorum
2236 1190 2458 1302 Rege
2517 1187 2998 1290 conciliata,
3059 1186 3815 1279 Montalcinensrum
3882 1198 4231 1296 tutelam

1258 1306 1421 1424 ipse
1480 1301 1776 1391 dimisit
1812 1362 1842 1407 ‚
1898 1305 1978 1388 8<
2037 1299 2211 1390 suos
2271 1302 2576 1390 milites
2635 1302 2720 1389 in
2781 1301 3145 1390 Galliam
3222 1306 3598 1399 evocavit
3636 1369 3661 1394 .
3719 1318 3910 1428 Qua
3973 1316 4070 1403 de
4137 1346 4234 1408 re

1262 1421 1621 1514 deterriti
1681 1420 1927 1508 Cives
1965 1481 1995 1530 ‚
2048 1449 2303 1538 quum
2363 1417 2442 1509 se
2501 1419 2829 1510 auxiliis
2885 1420 3351 1529 destitutos,
3404 1429 3487 1510 δε
3545 1429 3892 1546 impares
3959 1435 4216 1523 Medi·

1259 1544 1422 1633 ceis
1479 1536 1725 1629 armis
1783 1536 2337 1655 agnoscerent,
2400 1541 2707 1629 Urbem
2750 1539 2835 1627 in
2899 1569 3181 1630 manus
3239 1540 3512 1631 Cosmi
3545 1543 3685 1632 sub
3720 1551 4061 1641 honestis
4095 1582 4232 1672 pa-

1262 1661 1412 1752 stis
1469 1656 1980 1751 dimiserunt.
2036 1662 2151 1748 Et
2202 1656 2345 1746 bic
2403 1656 2899 1775 Reipublicae
2956 1661 3312 1750 Senensis
3363 1660 3549 1752 finis
3604 1663 3806 1755 suit.

1673 1874 2885 2025 VENETORUM
3021 1823 3828 2004 DUCUM]

1271 2024 1491 2257 Α
1538 2151 1621 2234 1>
1683 2140 2089 2231 Andream
2151 2146 2707 2234 contarenum
2754 2201 2787 2250 ‚
2826 2138 2977 2259 qui
3047 2112 3279 2231 'anno
3358 2148 4027 2237 MCCCLXVII.
4085 2152 4227 2240 ab·

1268 2266 1495 2371 sens,
1552 2265 1634 2349 8<
1689 2260 1993 2348 invitus
2051 2256 2207 2349 suit
2265 2266 2459 2348 Dux
2522 2261 3022 2349 renuntiatus
3057 2321 3086 2367 ,
3143 2258 3434 2376 spesstat
3494 2268 3800 2380 primus
3857 2298 4223 2382 argente·

1266 2413 1360 2476 us
1418 2410 1799 2471 nummus
1835 2439 1866 2486 ‚
1924 2380 2408 2497 Matrapanis
2465 2376 2596 2469 seu
2654 2376 2966 2497 Groffus
3023 2376 3276 2467 dietus
3312 2437 3344 2486 ‚
3400 2408 3492 2468 ut
3550 2380 3905 2473 indicant
3965 2388 4220 2475 literas

1265 2500 1353 2591 in
1413 2500 1581 2617 ejus
1639 2498 1943 2590 circulo
2001 2525 2339 2586 exaratae
2392 2557 2422 2606 ‚
2477 2528 2652 2616 quae
2723 2497 2824 2586 lic
2883 2497 2956 2585 se
3017 2501 3315 2585 habent
3373 2492 3472 2587 S?
3516 2509 3638 2587 M.
3697 2506 4079 2592 VENEI
4107 2514 4231 2592 la·

1267 2652 1437 2710 rum
1497 2626 1949 2708 ANDRear
2007 2621 2580 2706 CTARENus
2611 2620 2901 2707 Dux„
2962 2625 3059 2705 ln
3117 2646 3299 2707 area
3363 2618 3638 2707 visitur
3672 2621 3938 2709 Sanffl
4009 2629 4228 2709 Mar·

1236 2740 1341 2831 ἐἰ
1405 2737 1673 2829 stantis
1732 2737 2008 2853 ima-go
2042 2795 2074 2844 ,
2130 2736 2458 2825 dextera
2529 2764 2787 2826 mann
2849 2735 3236 2824 vexillum
3302 2731 3738 2837 sustinentis
3788 2801 3819 2845 ‚
3872 2771 3966 2828 ac
4023 2737 4232 2829 illud

1263 2859 1478 2947 Duci
1544 2855 2064 2972 porrigentis.
2100 2861 2264 2943 Dat
2330 2854 2617 2969 postica
2679 2851 2947 2968 Jesurn
3011 2856 3413 2944 Christum
3479 2857 3703 2971 super
3733 2859 4232 2950 cathedram

1262 2971 1663 3064 sedentem
1726 3001 1913 3057 cum
1976 2972 2184 3059 libro
2265 2973 2899 3086 Evangeliorum
2972 2971 3063 3057 in
3112 2974 3441 3088 gremio
3482 3035 3514 3084 ‚
3566 2975 3648 3063 8<
3708 2974 3978 3065 literas
4034 2977 4234 3066 hine

1265 3089 1452 3182 inde
1513 3085 1911 3208 dispositas
1989 3093 2109 3183 ἰῖἔ.
2173 3095 2376 3189 ΐο.,
2435 3088 2621 3175 idest
2661 3087 2907 3202 Jesus
2949 3089 3337 3199 Christus.
3396 3095 3562 3178 Sub
3624 3095 3776 3179 hoc
3835 3102 4068 3183 Duce
4093 3099 4236 3208 Ja-

1264 3209 1593 3303 nuenses
1652 3233 1895 3298 anno
1959 3195 2650 3296 Mccctxxrx.
2742 3205 3039 3292 eximia
3096 3207 3195 3293 de
3255 3214 3753 3293 Venetorum
3816 3210 4043 3297 claffe
4109 3212 4229 3301 vi·

1267 3329 1520 3469 flori}
1600 3330 1703 3416 ad
1762 3325 2042 3417 Polam
2124 3323 2522 3444 reportata
2570 3386 2598 3434 ,
2651 3322 3031 3460 desiderio
3107 3323 3511 3462 subigendi
3589 3328 4229 3464 Rempublicam

1263 3446 3549 3685 {55:25502‘253301sssxu‘ffifflsesffl‘sszzaffi‘ffiffi
3589 3445 4227 3656 {222‘2223325

1264 3686 1560 3805 Saepius
1637 3682 2232 3802 sedperperam
2305 3681 2802 3800 oppugnatio
2866 3707 3239 3789 tentata;
3301 3683 3625 3770 tandem
3692 3688 3958 3771 xvll„
4018 3684 4207 3774 Kal.

1262 3800 1751 3920 Septembris
1815 3803 2061 3890 muris
2122 3801 2496 3919 superatis
2552 3806 2732 3888 urbs
2792 3804 3377 3917 occupatur‚&
3431 3799 3820 3888 militibus
3877 3803 3965 3888 in
4027 3832 4219 3921 prae·

1265 3922 1454 4009 dam
1518 3919 1898 4010 traditur:
1961 3950 2062 4008 ex
2119 3920 2457 4008 Venetis
2496 3918 2935 4036 offingenti
2997 3919 3316 4006 circiter
3352 3918 3806 4028 desiderati,
3861 3922 3960 4005 ad
4020 3950 4210 4037 qua·

1262 4059 1451 4127 tuor
1511 4036 1769 4128 millia
1828 4039 2094 4157 capti.
2155 4038 2283 4128 Ad
2325 4037 2489 4150 ejus
2552 4036 2762 4126 triste
2803 4038 3187 4125 nuncium
3243 4037 3609 4126 deterriti
3671 4043 3985 4145 Patres,
4011 4067 4209 4130 cum

1264 4157 1776 4273 januensium
1838 4158 2010 4244 vim
2063 4157 2435 4246 sustinere
2501 4155 2702 4272 poffe
2762 4156 3264 4265 diffiderent,
3324 4157 3561 4244 millis
3618 4156 3717 4244 ad
3782 4156 4209 4273 petendam

1262 4303 1545 4391 pacem
1605 4275 1934 4392 Legatis
1993 4276 2128 4366 snb
2188 4277 2285 4363 iis
2344 4274 2930 4364 cond-itionibus
2984 4335 3013 4381 ,
3073 4273 3279 4362 salva
3343 4273 3646 4391 semper
3721 4274 4211 4392 Reipublicae

1261 4393 1635 4482 libertate
1690 4454 1721 4501 ‚
1773 4424 1969 4511 quas
2025 4394 2165 4510 ipli
2228 4392 2898 4514 prascriplifl'ent„
2957 4422 3141 4481 cum
3203 4393 3317 4481 eis
3377 4391 3820 4509 responsum
3894 4391 4208 4482 nullam

1265 4542 1551 4630 pacem
1618 4513 1971 4602 Venetos
2024 4511 2197 4602 ‘fore
2250 4511 2801 4622 habitaturos,
2859 4511 2997 4599 nili
3059 4510 3198 4597 libi
3264 4513 3514 4599 libero
3558 4512 3726 4625 jure
3785 4508 3859 4599 se
3924 4509 4213 4628 permi-

1262 4631 1556 4719 liffent.
1618 4636 1883 4720 Patres
1938 4632 2026 4719 in
2087 4631 2435 4721 furor-em
2504 4630 2696 4719 elati
2759 4628 3148 4746 Populum
3214 4631 3313 4718 ad
3377 4631 3912 4738 ultionem‚&
3971 4630 4212 4719 liber·

1184 4765 1193 4774 “
1264 4748 1455 4841 tatis
1513 4749 1852 4867 gloriam
1934 4752 2384 4840 animantes
2440 4751 2541 4840 ad
2600 4781 2823 4839 arma
2883 4747 3813 4865 conclamant,speciolis
3883 4747 4213 4865 premiis

1264 4894 1507 4985 atque
1566 4867 1999 4956 honoribus
2056 4868 2156 4957 iis
2212 4867 2595 4984 pollicitis
2643 4931 2672 4977 ,
2716 4868 2867 4986 qui
2928 4866 3012 4955 in
3077 4898 3306 4957 tanto
3365 4865 3813 4957 discrimine
3873 4866 4117 4956 armis
4176 4923 4218 4978 ,

1264 5015 1406 5075 aut
1458 4987 1797 5102 pecunia
1818 4987 3001 5104 Rempublicam·adjuviffent.
3045 4993 3320 5102 ltaque
3380 4987 4207 5101 colieffis,quotquot

1265 5106 2853 5227 potuerunt,militibus‚navibusque,&
2890 5106 3263 5198 omnibus
3298 5109 3399 5197 ad
3459 5109 3760 5196 bellum
3810 5103 4011 5193 mari
4073 5129 4212 5221 ge·

3301 5271 3310 5280 ·
3848 5313 3856 5324 ,
3916 5249 4095 5313 ten·
