4600 6200
1061 437 1440 554 NoN
1580 430 2748 593 EVULGATIS.
2901 342 2906 345 Α
3104 462 3233 573 33

425 686 669 755 anno·
708 659 999 751 scilicet
1069 692 1320 779 1550.
1380 662 1666 752 Altera
1717 692 1818 749 ex
1882 686 2102 778 parte
2136 658 2571 774 insculptus
2627 676 2952 772 apparet
3014 650 3379 767 Angelus

406 784 640 869 stans
698 783 1081 869 ambabus
1144 778 1508 869 inanibus
1567 786 1887 867 Sacram
1956 779 2317 865 Pixidem
2397 776 2852 880 sustinens,
2912 801 3101 858 cum
3185 775 3384 859 lem-

430 926 654 987 mate
716 904 1319 988 SANGVINIS
1383 903 1560 986 XPI
1624 896 2023 984 IHESV.
3697 976 3698 979 t

618 1016 1000 1104 Decimus
1060 1016 1341 1102 tertius
1390 1043 1814 1130 argenteus
1871 1014 1954 1099 in
2019 1013 2392 1100 omn-ibus
2452 1012 2554 1099 est
2638 1007 2910 1096 similis
2970 1006 3288 1095 decimo
3348 1067 3377 1114 ,
3436 1027 3674 1111 XIII,

440 1133 696 1221 Ducis
756 1134 1089 1220 nomine
1152 1159 1542 1248 excepto;
1599 1134 1682 1218 8:
1742 1132 1974 1245 hujus
2032 1134 2338 1249 pondus
2400 1128 2801 1246 sexaginta
2882 1155 3126 1251 grana
3208 1155 3372 1213 non

428 1250 808 1339 excedit.
998 1314 1018 1333 .
2775 1326 2784 1333 .

617 1373 938 1484 Quarto
1000 1364 1110 1454 sui
1176 1364 1654 1484 principatus
1713 1397 1925 1454 anno
1985 1397 2270 1453 aereum
2330 1365 2735 1453 decimum
2763 1392 3133 1478 quartum
3201 1392 3382 1479 pau·

430 1483 622 1573 culo
679 1514 1020 1600 argento
1084 1488 1431 1572 mixtum
1495 1487 1775 1572 cudere
1834 1484 2026 1571 fecit
2087 1485 2542 1571 Guilelmus
2580 1542 2609 1589 ,
2666 1482 2832 1592 ejus
2911 1482 3223 1569 vultum
3290 1484 3373 1568 in
3441 1499 3659 1588 XIV,

424 1631 618 1689 area
698 1601 1241 1718 praeferentem
1308 1630 1336 1713 ;
1418 1601 1869 1690 circumstat
1966 1604 2130 1688 haec
2208 1599 2614 1716 inscriptio
2703 1605 3375 1688 GVLIELMVS

437 1724 681 1807 DVX
757 1726 1046 1807 MAN.
1111 1726 1257 1807 111.
1322 1728 1442 1806 Μ.
1513 1727 1634 1807 M.
1696 1727 1785 1807 F.
1844 1778 1873 1805 .
1953 1718 2247 1806 Aversa
2310 1749 2485 1837 pars
2559 1718 3041 1804 demonstrat
3121 1715 3386 1805 vascu·
3467 1806 3516 1821 ,,

428 1834 607 1924 lum
650 1897 680 1943 ,
731 1839 859 1924 cui
916 1836 1292 1926 innititur
1349 1837 1672 1952 virgilii
1734 1864 1970 1954 caput
2009 1896 2038 1941 ,
2097 1837 2356 1923 verbis
2415 1837 2499 1922 in
2561 1840 2749 1922 orbe
2814 1834 3080 1950 politis
3142 1840 3378 1923 VIR·

428 1958 820 2042 GILIVS
885 1961 1230 2043 MARO
1318 1960 1771 2042 MDLIIII.
1866 1953 2098 2040 Alter
2176 1953 2515 2051 omnino
2616 1950 2887 2039 similis
2943 1951 3030 2038 in
3111 1952 3376 2038 nostro

440 2066 734 2157 Museo
794 2073 1205 2173 servatur,
1263 2101 1447 2159 cum
1511 2098 1703 2158 nota
1762 2071 1951 2157 anni
2014 2076 2435 2177 MDLv.,
2472 2067 2689 2178 cujus
2749 2067 3372 2159 delineationem

441 2188 1547 2302 praetermifimus30mifimus
1606 2189 1917 2305 quoque
1977 2190 2077 2275 ad
2139 2187 2599 2274 evitandam
2663 2187 3202 2309 prolixitatem
3244 2187 3376 2274 sex

432 2304 644 2391 alios
703 2336 1077 2393 nummos
1156 2314 1413 2395 Poetae
1462 2306 1911 2422 ‘imaginem
1993 2306 2075 2391 in
2139 2305 2663 2392 anterioribus
2744 2304 3095 2420 partibus
3149 2305 3375 2390 exhi·

433 2423 718 2527 bentes
758 2482 786 2528 ,
836 2453 1183 2539 quorum
1247 2423 1487 2540 primi
1546 2425 1706 2511 duo
1765 2450 1983 2513 certo
2035 2423 2329 2511 certius
2387 2448 2574 2509 ante
2635 2421 3136 2508 Guilelmum
3200 2451 3398 2536 pror
3557 2492 3564 2503 ,

431 2538 705 2644 diere,
740 2541 1022 2656 reliqui
1053 2541 1239 2627 vero
1296 2541 1463 2651 ejus
1521 2568 1842 2629 aetatem
1902 2572 2063 2627 non
2126 2538 2638 2658 exsuperant.
2701 2545 3020 2627 Horum
3069 2539 3373 2652 primus

437 2658 679 2741 habet
742 2655 824 2742 in
889 2656 1174 2770 postica
1233 2656 1429 2746 facie
1491 2655 1781 2747 sacram
1813 2658 2170 2745 Pixidem
2235 2689 2418 2744 cum
2458 2658 2838 2745 lemmate
2879 2657 3375 2743 SANGlNis

434 2777 617 2861 XPI
682 2777 1068 2861 1HE8v.
1128 2776 2205 2883 SecundusCruciculam,&
2242 2776 2454 2861 urbis
2488 2803 2780 2861 nomen
2829 2778 3371 2858 MANTVE.

436 2889 767 2976 Tertius
830 2890 1692 3004 figuram-muliebrem
1760 2895 2090 2981 stantem
2147 2950 2180 2999 ,
2239 2892 2530 2978 sacram
2596 2887 2954 2976 Pixidem
3013 2888 3374 2977 sustinen-

436 3031 607 3091 tem
665 3066 695 3113 ‚
751 3035 931 3094 cum
996 3008 1363 3095 consueta
1416 3010 1849 3128 epigraphe
1886 3071 1910 3096 .
1994 3017 2353 3126 Quartus
2433 3039 2531 3096 ex
2594 3036 2928 3122 argento
2987 3010 3370 3094 conflatus

436 3124 754 3212 Solem.
812 3125 1169 3239 Quintus
1228 3128 1533 3216 alatum
1599 3135 1974 3243 Equum.
2029 3135 2315 3218 Sextus
2376 3130 2563 3215 vero
2625 3125 3109 3244 Capreolum
3179 3154 3367 3212 cum

414 3241 644 3443 Jvitta
703 3240 1390 3352 circumvolante,
1447 3244 1529 3333 in
1579 3235 1749 3362 ‘qua
1827 3248 2215 3336 nonnulla
2299 3246 2711 3335 literarum
2775 3243 3096 3360 vestigia
3182 3273 3366 3332 con-

461 3385 917 3474 ptctuntur.
1198 3443 1209 3454 ,
1644 3415 1649 3420 -
2573 3408 2579 3414 ·

612 3482 705 3561 In
773 3507 971 3565 aereo
1032 3477 1513 3594 subsequenti
1577 3480 1924 3570 cernitur
1987 3482 2232 3571 Ducis
2290 3507 2527 3599 caput
2569 3511 2752 3569 cum
2809 3476 2980 3594 ejus
3038 3476 3366 3567 nomine

427 3591 518 3678 in
580 3593 915 3681 circuitu
959 3654 982 3679 .
1065 3604 1195 3684 Ab
1255 3599 1515 3690 alterat
1570 3627 1786 3714 parte
1849 3602 2048 3690 nihil
2114 3630 2417 3688 novum
2480 3599 2820 3686 occurrit
2857 3659 2885 3705 ,
2943 3598 3365 3685 exhibetur
3429 3623 3605 3708 xv,

430 3706 652 3795 enim
717 3711 1124 3801 consuetus
1187 3715 1536 3801 maxime
1602 3721 2066 3805 Mantuanis
2129 3747 2363 3832 typus
2401 3778 2429 3824 ,
2488 3715 2692 3803 sacra
2782 3739 3068 3834 nempe
3155 3713 3367 3802 Pixis

427 3857 618 3916 cum
683 3827 906 3916 solita
965 3831 1467 3946 inscriptione
1530 3839 2373 3924 SANvals-xm
2439 3840 2839 3921 IHESV»

616 3944 902 4033 Eidem
964 3951 1385 4036 Guilelmo
1442 3949 1902 4040 adscribitur
1959 3978 2198 4045 aereus
2235 3954 2591 4040 decimus
2651 3950 2907 4040 sextus
2967 3952 3368 4042 ostendens

376 4091 535 4180 ‘ex
600 4093 754 4148 una
819 4093 1037 4179 parte
1118 4068 1496 4183 Principis
1578 4068 1857 4156 faciem
1900 4131 1926 4176 ,
1988 4093 2170 4158 curn
2253 4065 2419 4181 ejus
2498 4071 2823 4156 nomine
2918 4070 2997 4156 in
3060 4072 3361 4158 'circulo
3423 4096 3646 4182 XVI,

429 4208 829 4288 exarat03
891 4212 987 4267 ex
1050 4187 1296 4273 altera
1381 4186 1716 4299 figuram
1788 4183 2152 4276 Mulieris
2233 4187 2497 4275 stantis
2536 4247 2565 4294 ,
2623 4185 2915 4274 sacram
2999 4185 3359 4276 Pixidem

434 4299 759 4381 dextera
821 4298 1254 4387 sustinentis
1300 4291 1568 4409 ,cum
1657 4295 2157 4423 inscriptione
2239 4333 2328 4393 ut
2390 4305 2669 4421 supra.
2744 4305 2918 4390 1³0st
2978 4304 3365 4394 excessum

432 4415 891 4513 Francisci,
949 4419 1401 4512 Guilelmus
1455 4424 1873 4510 duodecim
1941 4416 2256 4511 tanturn
2319 4452 2566 4508 annos
2647 4450 2876 4509 natus
2965 4424 3116 4510 una
3175 4449 3361 4514 cum

434 4536 711 4617 Matre
777 4540 1304 4621 Mantuanam
1373 4542 1786 4626 Ditionem
1852 4541 2096 4657 coepit
2155 4539 2858 4644 administrare,&
2917 4547 3362 4632 annoMD·

434 4654 649 4734 LXI.
715 4656 860 4734 VI.
919 4653 1105 4736 Kal.
1165 4654 1364 4761 Maji
1433 4659 1914 4745 Eleonoram
1982 4657 3049 4775 Ferdinandi·1mpe.ratoris
3109 4658 3359 4749 liliam

429 4764 952 4853 matrimonio
1011 4770 1147 4854 fibi
1210 4773 1674 4886 copulavit,
1711 4806 1873 4890 quo
1933 4804 2291 4892 tempore
2359 4776 2784 4863 Mantuani
2849 4775 2930 4862 in
2995 4776 3355 4870 lat-titiam

428 4883 639 4969 effusi
702 4885 921 4971 varia
985 4885 1412 5003 spestacula
1474 4892 1829 4998 edidere,
1868 4892 2454 4981 circumvicinis
2517 4893 2824 5008 populis
2882 4895 2979 4981 ad
3041 4923 3133 4982 ea
3201 4919 3358 4983 t'ur·

434 5002 718 5089 matini
783 5005 1398 5142 confluentibus..
1459 5015 1703 5100 Anno
1764 5011 1950 5097 vero
2016 5015 2492 5101 MDLXVI.
2554 5017 3010 5132 Margareta
3074 5039 3363 5121 matre,

1838 5131 1915 5214 E
3073 5159 3243 5250 quae
